%% This BibTeX bibliography file was created using BibDesk.
%% https://bibdesk.sourceforge.io/

%% Created for Nina van Gerwen at 2023-04-17 18:04:08 +0200 


%% Saved with string encoding Unicode (UTF-8) 

@article{van2021understanding,
  title={Understanding the Comparative Fit Index: It's all about the base!},
  author={Van Laar, Saskia and Braeken, Johan},
  journal={Practical Assessment, Research \& Evaluation},
  volume={26},
  number={1},
  year={2021},
  publisher={University of Maryland}
}

@article{widaman2003specifying,
  title={On specifying the null model for incremental fit indices in structural equation modeling.},
  author={Widaman, Keith F and Thompson, Jane S},
  journal={Psychological methods},
  volume={8},
  number={1},
  pages={16},
  year={2003},
  publisher={American Psychological Association}
}

@book{cohen2013statistical,
  title={Statistical power analysis for the behavioral sciences},
  author={Cohen, Jacob},
  year={1988},
  publisher={Academic press}
}

@article{dataset,
	author = {Darrell Bock, R and Lieberman, Marcus},
	date-added = {2022-10-05 11:30:21 +0200},
	date-modified = {2022-10-05 11:30:30 +0200},
	journal = {Psychometrika},
	number = {2},
	pages = {179--197},
	publisher = {Springer},
	title = {Fitting a response model forn dichotomously scored items},
	volume = {35},
	year = {1970}}

@article{consq3,
	author = {Daniela R. Cri{\c s}an and Jorge N. Tendeiro and Rob R. Meijer},
	date-added = {2022-09-28 13:36:17 +0200},
	date-modified = {2022-09-28 13:36:24 +0200},
	doi = {10.1177/0146621617695522},
	eprint = {https://doi.org/10.1177/0146621617695522},
	journal = {Applied Psychological Measurement},
	note = {PMID: 28804181},
	number = {6},
	pages = {439-455},
	title = {Investigating the Practical Consequences of Model Misfit in Unidimensional IRT Models},
	url = {https://doi.org/10.1177/0146621617695522},
	volume = {41},
	year = {2017},
	bdsk-url-1 = {https://doi.org/10.1177/0146621617695522}}

@inproceedings{consq2,
	author = {Jiao, Hong and Lau, Allen C},
	booktitle = {Annual meeting of the National Council of Educational Measurement, Chicago, IL},
	date-added = {2022-09-28 13:35:04 +0200},
	date-modified = {2022-09-28 13:35:12 +0200},
	title = {The effects of model misfit in computerized classification test},
	year = {2003}}

@article{cfi,
	author = {Bentler, Peter M},
	journal = {Psychological bulletin},
	number = {2},
	pages = {238},
	publisher = {American Psychological Association},
	title = {Comparative fit indexes in structural models.},
	volume = {107},
	year = {1990}}

@article{tli,
	author = {Tucker, Ledyard R and Lewis, Charles},
	journal = {Psychometrika},
	number = {1},
	pages = {1--10},
	publisher = {Springer},
	title = {A reliability coefficient for maximum likelihood factor analysis},
	volume = {38},
	year = {1973}}

@article{4plconsist2,
	author = {Loken, Eric and Rulison, Kelly L},
	journal = {British Journal of Mathematical and Statistical Psychology},
	number = {3},
	pages = {509--525},
	publisher = {Wiley Online Library},
	title = {Estimation of a four-parameter item response theory model},
	volume = {63},
	year = {2010}}

@article{4plconsist1,
	author = {Barton, Mark A and Lord, Frederic M},
	journal = {ETS Research Report Series},
	number = {1},
	pages = {i--8},
	publisher = {Wiley Online Library},
	title = {An upper asymptote for the three-parameter logistic item-response model},
	volume = {1981},
	year = {1981}}

@phdthesis{yangfitindex,
	author = {Yang, Xiaotong},
	school = {Florida State University, College of Education},
	title = {Comparing Global Model-Data Fit Indices in Item Response Theory Applications},
	type = {{PhD} dissertation},
	year = {2020}}

@article{tliirt,
	author = {Cai, Li and Chung, Seung Won and Lee, Taehun},
	journal = {Prevention Science},
	pages = {1--12},
	publisher = {Springer},
	title = {Incremental Model Fit Assessment in the Case of Categorical Data: Tucker--Lewis Index for Item Response Theory Modeling},
	year = {2021}}

@article{chi2sens,
	author = {Curran, {Patrick J.} and Stephen West and Finch, {John F.}},
	date-added = {2022-09-22 10:21:55 +0200},
	date-modified = {2022-09-22 10:22:00 +0200},
	doi = {10.1037/1082-989X.1.1.16},
	issn = {1082-989X},
	journal = {Psychological Methods},
	language = {English (US)},
	month = mar,
	number = {1},
	pages = {16--29},
	publisher = {American Psychological Association Inc.},
	title = {The Robustness of Test Statistics to Nonnormality and Specification Error in Confirmatory Factor Analysis},
	volume = {1},
	year = {1996},
	bdsk-url-1 = {https://doi.org/10.1037/1082-989X.1.1.16}}

@article{rmsea2,
	author = {Maydeu-Olivares, Alberto},
	date-added = {2022-09-22 10:17:29 +0200},
	date-modified = {2022-09-22 10:17:29 +0200},
	doi = {10.1080/15366367.2013.831680},
	journal = {Measurement Interdisciplinary Research and Perspectives},
	month = {07},
	pages = {71-101},
	title = {Goodness-of-Fit Assessment of Item Response Theory Models},
	volume = {11},
	year = {2013},
	bdsk-url-1 = {https://doi.org/10.1080/15366367.2013.831680}}

@article{rmsea1,
	author = {Maydeu-Olivares, Alberto and Joe, Harry},
	date-added = {2022-09-22 10:16:41 +0200},
	date-modified = {2022-09-22 10:17:37 +0200},
	doi = {10.1080/00273171.2014.911075},
	journal = {Multivariate Behavioral Research},
	month = {07},
	title = {Assessing Approximate Fit in Categorical Data Analysis},
	volume = {49},
	year = {2014},
	bdsk-url-1 = {https://doi.org/10.1080/00273171.2014.911075}}

@article{ltmpack,
	author = {Dimitris Rizopoulos},
	date-added = {2022-09-21 12:49:41 +0200},
	date-modified = {2022-09-21 12:49:51 +0200},
	journal = {Journal of Statistical Software},
	number = {5},
	pages = {1--25},
	title = {ltm: An R package for Latent Variable Modelling and Item Response Theory Analyses},
	url = {https://doi.org/10.18637/jss.v017.i05},
	volume = {17},
	year = {2006},
	bdsk-url-1 = {https://doi.org/10.18637/jss.v017.i05}}

@manual{R,
	address = {Vienna, Austria},
	author = {R Core Team},
	date-added = {2022-09-14 14:34:34 +0200},
	date-modified = {2022-09-14 14:39:47 +0200},
	organization = {R Foundation for Statistical Computing},
	title = {R: A Language and Environmental for Statistical Computing},
	url = {https://www.R-project.org/},
	year = {2021},
	bdsk-url-1 = {https://www.R-project.org/}}

@article{wilkth,
	author = {S. S. Wilks},
	date-added = {2022-09-14 14:22:11 +0200},
	date-modified = {2022-09-14 14:22:26 +0200},
	doi = {10.1214/aoms/1177732360},
	journal = {The Annals of Mathematical Statistics},
	number = {1},
	pages = {60 -- 62},
	publisher = {Institute of Mathematical Statistics},
	title = {{The Large-Sample Distribution of the Likelihood Ratio for Testing Composite Hypotheses}},
	url = {https://doi.org/10.1214/aoms/1177732360},
	volume = {9},
	year = {1938},
	bdsk-url-1 = {https://doi.org/10.1214/aoms/1177732360}}

@article{consq1,
	author = {Zhao, Yue and Hambleton, Ronald},
	date-added = {2022-09-14 13:30:08 +0200},
	date-modified = {2022-09-14 13:30:23 +0200},
	doi = {10.3389/fpsyg.2017.00484},
	journal = {Frontiers in Psychology},
	month = {03},
	title = {Practical Consequences of Item Response Theory Model Misfit in the Context of Test Equating with Mixed-Format Test Data},
	volume = {8},
	year = {2017},
	bdsk-url-1 = {https://doi.org/10.3389/fpsyg.2017.00484}}

@article{ref1,
	author = {Christopher D. Nye and Seang-Hwane Joo and Bo Zhang and Stephen Stark},
	doi = {10.1177/1094428119833158},
	eprint = {https://doi.org/10.1177/1094428119833158},
	journal = {Organizational Research Methods},
	number = {3},
	pages = {457-486},
	title = {Advancing and Evaluating IRT Model Data Fit Indices in Organizational Research},
	url = {https://doi.org/10.1177/1094428119833158},
	volume = {23},
	year = {2020},
	bdsk-url-1 = {https://doi.org/10.1177/1094428119833158}}

@article{YQ,
	author = {Yen, Wendy M},
	journal = {Applied Psychological Measurement},
	number = {2},
	pages = {245--262},
	publisher = {Sage Publications Sage CA: Thousand Oaks, CA},
	title = {Using simulation results to choose a latent trait model},
	volume = {5},
	year = {1981}}

@article{RMSEAn,
	author = {Maydeu-Olivares, Alberto and Joe, Harry},
	journal = {Multivariate Behavioral Research},
	number = {4},
	pages = {305--328},
	publisher = {Taylor \& Francis},
	title = {Assessing approximate fit in categorical data analysis},
	volume = {49},
	year = {2014}}

@article{3PLref,
	author = {Birnbaum, A Lord},
	journal = {Statistical theories of mental test scores},
	publisher = {Addison-Wesley},
	title = {Some latent trait models and their use in inferring an examinee's ability},
	year = {1968}}

@article{ICFI,
	author = {Zegers, Frits E and ten Berge, Jos MF},
	journal = {Psychometrika},
	pages = {17--24},
	publisher = {Springer},
	title = {A family of association coefficients for metric scales},
	volume = {50},
	year = {1985}}

@article{mirt,
	author = {R. Philip Chalmers},
	doi = {10.18637/jss.v048.i06},
	journal = {Journal of Statistical Software},
	number = {6},
	pages = {1--29},
	title = {{mirt}: A Multidimensional Item Response Theory Package for the {R} Environment},
	volume = {48},
	year = {2012},
	bdsk-url-1 = {https://doi.org/10.18637/jss.v048.i06}}
