@article{ref1,
author = {Christopher D. Nye and Seang-Hwane Joo and Bo Zhang and Stephen Stark},
title ={Advancing and Evaluating IRT Model Data Fit Indices in Organizational Research},
journal = {Organizational Research Methods},
volume = {23},
number = {3},
pages = {457-486},
year = {2020},
doi = {10.1177/1094428119833158},
URL = {https://doi.org/10.1177/1094428119833158},
eprint = {https://doi.org/10.1177/1094428119833158},
}

@article{ref2,
author = {Krammer, Georg},
year = {2018},
month = {11},
pages = {eP2685},
title = {The Andersen Likelihood Ratio Test with a Random Split Criterion Lacks Power},
volume = {17},
journal = {Journal of modern applied statistical methods: JMASM},
doi = {10.22237/jmasm/1555594442}
}